@online{,
  author = {},
  title = {},
  url = {},
  year = {Accessed }
}


@article{,
    author    = "",
    title     = "",
    journal   = "",
    ?_volume   = "",
    ?_number   = "",
    ?_pages    = "",
    year      = "",
    ?_month    = "",
    ?_note     = "",
}

@article{Meszaros2019,
    author    = "Peter Meszaros, Derek B. Fox, Chad Hanna, Kohta Murase",
    title     = "Multi Messenger Astrophysics",
    journal   = "Nature Reviews Physics",
    ?_volume   = "",
    ?_number   = "",
    ?_pages    = "",
    year      = "2019",
    ?_month    = "",
    ?_note     = "",
}

@article{Heaside1894,
    author    = "Oliver Heaviside",
    title     = "Electromagnetic Theory",
    journal   = "The Electrician printing and publishing company, limited",
    ?_volume   = "",
    ?_number   = "",
    pages    = "455-66",
    year      = "1894",
    ?_month    = "",
    ?_note     = "",
}

@article{Kalman01112002,
author = {Dan Kalman},
title = {An Underdetermined Linear System for GPS},
journal = {The College Mathematics Journal},
volume = {33},
number = {5},
pages = {384--390},
year = {2002},
publisher = {Taylor \& Francis},
doi = {10.1080/07468342.2002.11921968},
URL = { 
    
        https://doi.org/10.1080/07468342.2002.11921968
},
eprint = { 
    
        https://doi.org/10.1080/07468342.2002.11921968
}

}

@online{,
  author = {},
  title = {},
  url = {},
  year = {Accessed }
}

@article{Abbott_2017,
   title={GW170817: Observation of Gravitational Waves from a Binary Neutron Star Inspiral},
   volume={119},
   ISSN={1079-7114},
   url={http://dx.doi.org/10.1103/PhysRevLett.119.161101},
   DOI={10.1103/physrevlett.119.161101},
   number={16},
   journal={Physical Review Letters},
   publisher={American Physical Society (APS)},
   author={Abbott, B. P. and Abbott, R. and Abbott, T. D. and Acernese, F. and Ackley, K. and Adams, C. and Adams, T. and Addesso, P. and Adhikari, R. X. and Adya, V. B. and Affeldt, C. and Afrough, M. and Agarwal, B. and Agathos, M. and Agatsuma, K. and Aggarwal, N. and Aguiar, O. D. and Aiello, L. and Ain, A. and Ajith, P. and Allen, B. and Allen, G. and Allocca, A. and Altin, P. A. and Amato, A. and Ananyeva, A. and Anderson, S. B. and Anderson, W. G. and Angelova, S. V. and Antier, S. and Appert, S. and Arai, K. and Araya, M. C. and Areeda, J. S. and Arnaud, N. and Arun, K. G. and Ascenzi, S. and Ashton, G. and Ast, M. and Aston, S. M. and Astone, P. and Atallah, D. V. and Aufmuth, P. and Aulbert, C. and AultONeal, K. and Austin, C. and Avila-Alvarez, A. and Babak, S. and Bacon, P. and Bader, M. K. M. and Bae, S. and Bailes, M. and Baker, P. T. and Baldaccini, F. and Ballardin, G. and Ballmer, S. W. and Banagiri, S. and Barayoga, J. C. and Barclay, S. E. and Barish, B. C. and Barker, D. and Barkett, K. and Barone, F. and Barr, B. and Barsotti, L. and Barsuglia, M. and Barta, D. and Barthelmy, S. D. and Bartlett, J. and Bartos, I. and Bassiri, R. and Basti, A. and Batch, J. C. and Bawaj, M. and Bayley, J. C. and Bazzan, M. and Bécsy, B. and Beer, C. and Bejger, M. and Belahcene, I. and Bell, A. S. and Berger, B. K. and Bergmann, G. and Bernuzzi, S. and Bero, J. J. and Berry, C. P. L. and Bersanetti, D. and Bertolini, A. and Betzwieser, J. and Bhagwat, S. and Bhandare, R. and Bilenko, I. A. and Billingsley, G. and Billman, C. R. and Birch, J. and Birney, I. A. and Birnholtz, O. and Biscans, S. and Biscoveanu, S. and Bisht, A. and Bitossi, M. and Biwer, C. and Bizouard, M. A. and Blackburn, J. K. and Blackman, J. and Blair, C. D. and Blair, D. G. and Blair, R. M. and Bloemen, S. and Bock, O. and Bode, N. and Boer, M. and Bogaert, G. and Bohe, A. and Bondu, F. and Bonilla, E. and Bonnand, R. and Boom, B. A. and Bork, R. and Boschi, V. and Bose, S. and Bossie, K. and Bouffanais, Y. and Bozzi, A. and Bradaschia, C. and Brady, P. R. and Branchesi, M. and Brau, J. E. and Briant, T. and Brillet, A. and Brinkmann, M. and Brisson, V. and Brockill, P. and Broida, J. E. and Brooks, A. F. and Brown, D. A. and Brown, D. D. and Brunett, S. and Buchanan, C. C. and Buikema, A. and Bulik, T. and Bulten, H. J. and Buonanno, A. and Buskulic, D. and Buy, C. and Byer, R. L. and Cabero, M. and Cadonati, L. and Cagnoli, G. and Cahillane, C. and Calderón Bustillo, J. and Callister, T. A. and Calloni, E. and Camp, J. B. and Canepa, M. and Canizares, P. and Cannon, K. C. and Cao, H. and Cao, J. and Capano, C. D. and Capocasa, E. and Carbognani, F. and Caride, S. and Carney, M. F. and Carullo, G. and Casanueva Diaz, J. and Casentini, C. and Caudill, S. and Cavaglià, M. and Cavalier, F. and Cavalieri, R. and Cella, G. and Cepeda, C. B. and Cerdá-Durán, P. and Cerretani, G. and Cesarini, E. and Chamberlin, S. J. and Chan, M. and Chao, S. and Charlton, P. and Chase, E. and Chassande-Mottin, E. and Chatterjee, D. and Chatziioannou, K. and Cheeseboro, B. D. and Chen, H. Y. and Chen, X. and Chen, Y. and Cheng, H.-P. and Chia, H. and Chincarini, A. and Chiummo, A. and Chmiel, T. and Cho, H. S. and Cho, M. and Chow, J. H. and Christensen, N. and Chu, Q. and Chua, A. J. K. and Chua, S. and Chung, A. K. W. and Chung, S. and Ciani, G. and Ciolfi, R. and Cirelli, C. E. and Cirone, A. and Clara, F. and Clark, J. A. and Clearwater, P. and Cleva, F. and Cocchieri, C. and Coccia, E. and Cohadon, P.-F. and Cohen, D. and Colla, A. and Collette, C. G. and Cominsky, L. R. and Constancio, M. and Conti, L. and Cooper, S. J. and Corban, P. and Corbitt, T. R. and Cordero-Carrión, I. and Corley, K. R. and Cornish, N. and Corsi, A. and Cortese, S. and Costa, C. A. and Coughlin, M. W. and Coughlin, S. B. and Coulon, J.-P. and Countryman, S. T. and Couvares, P. and Covas, P. B. and Cowan, E. E. and Coward, D. M. and Cowart, M. J. and Coyne, D. C. and Coyne, R. and Creighton, J. D. E. and Creighton, T. D. and Cripe, J. and Crowder, S. G. and Cullen, T. J. and Cumming, A. and Cunningham, L. and Cuoco, E. and Dal Canton, T. and Dálya, G. and Danilishin, S. L. and D’Antonio, S. and Danzmann, K. and Dasgupta, A. and Da Silva Costa, C. F. and Dattilo, V. and Dave, I. and Davier, M. and Davis, D. and Daw, E. J. and Day, B. and De, S. and DeBra, D. and Degallaix, J. and De Laurentis, M. and Deléglise, S. and Del Pozzo, W. and Demos, N. and Denker, T. and Dent, T. and De Pietri, R. and Dergachev, V. and De Rosa, R. and DeRosa, R. T. and De Rossi, C. and DeSalvo, R. and de Varona, O. and Devenson, J. and Dhurandhar, S. and Díaz, M. C. and Dietrich, T. and Di Fiore, L. and Di Giovanni, M. and Di Girolamo, T. and Di Lieto, A. and Di Pace, S. and Di Palma, I. and Di Renzo, F. and Doctor, Z. and Dolique, V. and Donovan, F. and Dooley, K. L. and Doravari, S. and Dorrington, I. and Douglas, R. and Dovale Álvarez, M. and Downes, T. P. and Drago, M. and Dreissigacker, C. and Driggers, J. C. and Du, Z. and Ducrot, M. and Dudi, R. and Dupej, P. and Dwyer, S. E. and Edo, T. B. and Edwards, M. C. and Effler, A. and Eggenstein, H.-B. and Ehrens, P. and Eichholz, J. and Eikenberry, S. S. and Eisenstein, R. A. and Essick, R. C. and Estevez, D. and Etienne, Z. B. and Etzel, T. and Evans, M. and Evans, T. M. and Factourovich, M. and Fafone, V. and Fair, H. and Fairhurst, S. and Fan, X. and Farinon, S. and Farr, B. and Farr, W. M. and Fauchon-Jones, E. J. and Favata, M. and Fays, M. and Fee, C. and Fehrmann, H. and Feicht, J. and Fejer, M. M. and Fernandez-Galiana, A. and Ferrante, I. and Ferreira, E. C. and Ferrini, F. and Fidecaro, F. and Finstad, D. and Fiori, I. and Fiorucci, D. and Fishbach, M. and Fisher, R. P. and Fitz-Axen, M. and Flaminio, R. and Fletcher, M. and Fong, H. and Font, J. A. and Forsyth, P. W. F. and Forsyth, S. S. and Fournier, J.-D. and Frasca, S. and Frasconi, F. and Frei, Z. and Freise, A. and Frey, R. and Frey, V. and Fries, E. M. and Fritschel, P. and Frolov, V. V. and Fulda, P. and Fyffe, M. and Gabbard, H. and Gadre, B. U. and Gaebel, S. M. and Gair, J. R. and Gammaitoni, L. and Ganija, M. R. and Gaonkar, S. G. and Garcia-Quiros, C. and Garufi, F. and Gateley, B. and Gaudio, S. and Gaur, G. and Gayathri, V. and Gehrels, N. and Gemme, G. and Genin, E. and Gennai, A. and George, D. and George, J. and Gergely, L. and Germain, V. and Ghonge, S. and Ghosh, Abhirup and Ghosh, Archisman and Ghosh, S. and Giaime, J. A. and Giardina, K. D. and Giazotto, A. and Gill, K. and Glover, L. and Goetz, E. and Goetz, R. and Gomes, S. and Goncharov, B. and González, G. and Gonzalez Castro, J. M. and Gopakumar, A. and Gorodetsky, M. L. and Gossan, S. E. and Gosselin, M. and Gouaty, R. and Grado, A. and Graef, C. and Granata, M. and Grant, A. and Gras, S. and Gray, C. and Greco, G. and Green, A. C. and Gretarsson, E. M. and Groot, P. and Grote, H. and Grunewald, S. and Gruning, P. and Guidi, G. M. and Guo, X. and Gupta, A. and Gupta, M. K. and Gushwa, K. E. and Gustafson, E. K. and Gustafson, R. and Halim, O. and Hall, B. R. and Hall, E. D. and Hamilton, E. Z. and Hammond, G. and Haney, M. and Hanke, M. M. and Hanks, J. and Hanna, C. and Hannam, M. D. and Hannuksela, O. A. and Hanson, J. and Hardwick, T. and Harms, J. and Harry, G. M. and Harry, I. W. and Hart, M. J. and Haster, C.-J. and Haughian, K. and Healy, J. and Heidmann, A. and Heintze, M. C. and Heitmann, H. and Hello, P. and Hemming, G. and Hendry, M. and Heng, I. S. and Hennig, J. and Heptonstall, A. W. and Heurs, M. and Hild, S. and Hinderer, T. and Ho, W. C. G. and Hoak, D. and Hofman, D. and Holt, K. and Holz, D. E. and Hopkins, P. and Horst, C. and Hough, J. and Houston, E. A. and Howell, E. J. and Hreibi, A. and Hu, Y. M. and Huerta, E. A. and Huet, D. and Hughey, B. and Husa, S. and Huttner, S. H. and Huynh-Dinh, T. and Indik, N. and Inta, R. and Intini, G. and Isa, H. N. and Isac, J.-M. and Isi, M. and Iyer, B. R. and Izumi, K. and Jacqmin, T. and Jani, K. and Jaranowski, P. and Jawahar, S. and Jiménez-Forteza, F. and Johnson, W. W. and Johnson-McDaniel, N. K. and Jones, D. I. and Jones, R. and Jonker, R. J. G. and Ju, L. and Junker, J. and Kalaghatgi, C. V. and Kalogera, V. and Kamai, B. and Kandhasamy, S. and Kang, G. and Kanner, J. B. and Kapadia, S. J. and Karki, S. and Karvinen, K. S. and Kasprzack, M. and Kastaun, W. and Katolik, M. and Katsavounidis, E. and Katzman, W. and Kaufer, S. and Kawabe, K. and Kéfélian, F. and Keitel, D. and Kemball, A. J. and Kennedy, R. and Kent, C. and Key, J. S. and Khalili, F. Y. and Khan, I. and Khan, S. and Khan, Z. and Khazanov, E. A. and Kijbunchoo, N. and Kim, Chunglee and Kim, J. C. and Kim, K. and Kim, W. and Kim, W. S. and Kim, Y.-M. and Kimbrell, S. J. and King, E. J. and King, P. J. and Kinley-Hanlon, M. and Kirchhoff, R. and Kissel, J. S. and Kleybolte, L. and Klimenko, S. and Knowles, T. D. and Koch, P. and Koehlenbeck, S. M. and Koley, S. and Kondrashov, V. and Kontos, A. and Korobko, M. and Korth, W. Z. and Kowalska, I. and Kozak, D. B. and Krämer, C. and Kringel, V. and Krishnan, B. and Królak, A. and Kuehn, G. and Kumar, P. and Kumar, R. and Kumar, S. and Kuo, L. and Kutynia, A. and Kwang, S. and Lackey, B. D. and Lai, K. H. and Landry, M. and Lang, R. N. and Lange, J. and Lantz, B. and Lanza, R. K. and Larson, S. L. and Lartaux-Vollard, A. and Lasky, P. D. and Laxen, M. and Lazzarini, A. and Lazzaro, C. and Leaci, P. and Leavey, S. and Lee, C. H. and Lee, H. K. and Lee, H. M. and Lee, H. W. and Lee, K. and Lehmann, J. and Lenon, A. and Leon, E. and Leonardi, M. and Leroy, N. and Letendre, N. and Levin, Y. and Li, T. G. F. and Linker, S. D. and Littenberg, T. B. and Liu, J. and Liu, X. and Lo, R. K. L. and Lockerbie, N. A. and London, L. T. and Lord, J. E. and Lorenzini, M. and Loriette, V. and Lormand, M. and Losurdo, G. and Lough, J. D. and Lousto, C. O. and Lovelace, G. and Lück, H. and Lumaca, D. and Lundgren, A. P. and Lynch, R. and Ma, Y. and Macas, R. and Macfoy, S. and Machenschalk, B. and MacInnis, M. and Macleod, D. M. and Magaña Hernandez, I. and Magaña-Sandoval, F. and Magaña Zertuche, L. and Magee, R. M. and Majorana, E. and Maksimovic, I. and Man, N. and Mandic, V. and Mangano, V. and Mansell, G. L. and Manske, M. and Mantovani, M. and Marchesoni, F. and Marion, F. and Márka, S. and Márka, Z. and Markakis, C. and Markosyan, A. S. and Markowitz, A. and Maros, E. and Marquina, A. and Marsh, P. and Martelli, F. and Martellini, L. and Martin, I. W. and Martin, R. M. and Martynov, D. V. and Marx, J. N. and Mason, K. and Massera, E. and Masserot, A. and Massinger, T. J. and Masso-Reid, M. and Mastrogiovanni, S. and Matas, A. and Matichard, F. and Matone, L. and Mavalvala, N. and Mazumder, N. and McCarthy, R. and McClelland, D. E. and McCormick, S. and McCuller, L. and McGuire, S. C. and McIntyre, G. and McIver, J. and McManus, D. J. and McNeill, L. and McRae, T. and McWilliams, S. T. and Meacher, D. and Meadors, G. D. and Mehmet, M. and Meidam, J. and Mejuto-Villa, E. and Melatos, A. and Mendell, G. and Mercer, R. A. and Merilh, E. L. and Merzougui, M. and Meshkov, S. and Messenger, C. and Messick, C. and Metzdorff, R. and Meyers, P. M. and Miao, H. and Michel, C. and Middleton, H. and Mikhailov, E. E. and Milano, L. and Miller, A. L. and Miller, B. B. and Miller, J. and Millhouse, M. and Milovich-Goff, M. C. and Minazzoli, O. and Minenkov, Y. and Ming, J. and Mishra, C. and Mitra, S. and Mitrofanov, V. P. and Mitselmakher, G. and Mittleman, R. and Moffa, D. and Moggi, A. and Mogushi, K. and Mohan, M. and Mohapatra, S. R. P. and Molina, I. and Montani, M. and Moore, C. J. and Moraru, D. and Moreno, G. and Morisaki, S. and Morriss, S. R. and Mours, B. and Mow-Lowry, C. M. and Mueller, G. and Muir, A. W. and Mukherjee, Arunava and Mukherjee, D. and Mukherjee, S. and Mukund, N. and Mullavey, A. and Munch, J. and Muñiz, E. A. and Muratore, M. and Murray, P. G. and Nagar, A. and Napier, K. and Nardecchia, I. and Naticchioni, L. and Nayak, R. K. and Neilson, J. and Nelemans, G. and Nelson, T. J. N. and Nery, M. and Neunzert, A. and Nevin, L. and Newport, J. M. and Newton, G. and Ng, K. K. Y. and Nguyen, P. and Nguyen, T. T. and Nichols, D. and Nielsen, A. B. and Nissanke, S. and Nitz, A. and Noack, A. and Nocera, F. and Nolting, D. and North, C. and Nuttall, L. K. and Oberling, J. and O’Dea, G. D. and Ogin, G. H. and Oh, J. J. and Oh, S. H. and Ohme, F. and Okada, M. A. and Oliver, M. and Oppermann, P. and Oram, Richard J. and O’Reilly, B. and Ormiston, R. and Ortega, L. F. and O’Shaughnessy, R. and Ossokine, S. and Ottaway, D. J. and Overmier, H. and Owen, B. J. and Pace, A. E. and Page, J. and Page, M. A. and Pai, A. and Pai, S. A. and Palamos, J. R. and Palashov, O. and Palomba, C. and Pal-Singh, A. and Pan, Howard and Pan, Huang-Wei and Pang, B. and Pang, P. T. H. and Pankow, C. and Pannarale, F. and Pant, B. C. and Paoletti, F. and Paoli, A. and Papa, M. A. and Parida, A. and Parker, W. and Pascucci, D. and Pasqualetti, A. and Passaquieti, R. and Passuello, D. and Patil, M. and Patricelli, B. and Pearlstone, B. L. and Pedraza, M. and Pedurand, R. and Pekowsky, L. and Pele, A. and Penn, S. and Perez, C. J. and Perreca, A. and Perri, L. M. and Pfeiffer, H. P. and Phelps, M. and Piccinni, O. J. and Pichot, M. and Piergiovanni, F. and Pierro, V. and Pillant, G. and Pinard, L. and Pinto, I. M. and Pirello, M. and Pitkin, M. and Poe, M. and Poggiani, R. and Popolizio, P. and Porter, E. K. and Post, A. and Powell, J. and Prasad, J. and Pratt, J. W. W. and Pratten, G. and Predoi, V. and Prestegard, T. and Prijatelj, M. and Principe, M. and Privitera, S. and Prix, R. and Prodi, G. A. and Prokhorov, L. G. and Puncken, O. and Punturo, M. and Puppo, P. and Pürrer, M. and Qi, H. and Quetschke, V. and Quintero, E. A. and Quitzow-James, R. and Raab, F. J. and Rabeling, D. S. and Radkins, H. and Raffai, P. and Raja, S. and Rajan, C. and Rajbhandari, B. and Rakhmanov, M. and Ramirez, K. E. and Ramos-Buades, A. and Rapagnani, P. and Raymond, V. and Razzano, M. and Read, J. and Regimbau, T. and Rei, L. and Reid, S. and Reitze, D. H. and Ren, W. and Reyes, S. D. and Ricci, F. and Ricker, P. M. and Rieger, S. and Riles, K. and Rizzo, M. and Robertson, N. A. and Robie, R. and Robinet, F. and Rocchi, A. and Rolland, L. and Rollins, J. G. and Roma, V. J. and Romano, J. D. and Romano, R. and Romel, C. L. and Romie, J. H. and Rosińska, D. and Ross, M. P. and Rowan, S. and Rüdiger, A. and Ruggi, P. and Rutins, G. and Ryan, K. and Sachdev, S. and Sadecki, T. and Sadeghian, L. and Sakellariadou, M. and Salconi, L. and Saleem, M. and Salemi, F. and Samajdar, A. and Sammut, L. and Sampson, L. M. and Sanchez, E. J. and Sanchez, L. E. and Sanchis-Gual, N. and Sandberg, V. and Sanders, J. R. and Sassolas, B. and Sathyaprakash, B. S. and Saulson, P. R. and Sauter, O. and Savage, R. L. and Sawadsky, A. and Schale, P. and Scheel, M. and Scheuer, J. and Schmidt, J. and Schmidt, P. and Schnabel, R. and Schofield, R. M. S. and Schönbeck, A. and Schreiber, E. and Schuette, D. and Schulte, B. W. and Schutz, B. F. and Schwalbe, S. G. and Scott, J. and Scott, S. M. and Seidel, E. and Sellers, D. and Sengupta, A. S. and Sentenac, D. and Sequino, V. and Sergeev, A. and Shaddock, D. A. and Shaffer, T. J. and Shah, A. A. and Shahriar, M. S. and Shaner, M. B. and Shao, L. and Shapiro, B. and Shawhan, P. and Sheperd, A. and Shoemaker, D. H. and Shoemaker, D. M. and Siellez, K. and Siemens, X. and Sieniawska, M. and Sigg, D. and Silva, A. D. and Singer, L. P. and Singh, A. and Singhal, A. and Sintes, A. M. and Slagmolen, B. J. J. and Smith, B. and Smith, J. R. and Smith, R. J. E. and Somala, S. and Son, E. J. and Sonnenberg, J. A. and Sorazu, B. and Sorrentino, F. and Souradeep, T. and Spencer, A. P. and Srivastava, A. K. and Staats, K. and Staley, A. and Steinke, M. and Steinlechner, J. and Steinlechner, S. and Steinmeyer, D. and Stevenson, S. P. and Stone, R. and Stops, D. J. and Strain, K. A. and Stratta, G. and Strigin, S. E. and Strunk, A. and Sturani, R. and Stuver, A. L. and Summerscales, T. Z. and Sun, L. and Sunil, S. and Suresh, J. and Sutton, P. J. and Swinkels, B. L. and Szczepańczyk, M. J. and Tacca, M. and Tait, S. C. and Talbot, C. and Talukder, D. and Tanner, D. B. and Tápai, M. and Taracchini, A. and Tasson, J. D. and Taylor, J. A. and Taylor, R. and Tewari, S. V. and Theeg, T. and Thies, F. and Thomas, E. G. and Thomas, M. and Thomas, P. and Thorne, K. A. and Thorne, K. S. and Thrane, E. and Tiwari, S. and Tiwari, V. and Tokmakov, K. V. and Toland, K. and Tonelli, M. and Tornasi, Z. and Torres-Forné, A. and Torrie, C. I. and Töyrä, D. and Travasso, F. and Traylor, G. and Trinastic, J. and Tringali, M. C. and Trozzo, L. and Tsang, K. W. and Tse, M. and Tso, R. and Tsukada, L. and Tsuna, D. and Tuyenbayev, D. and Ueno, K. and Ugolini, D. and Unnikrishnan, C. S. and Urban, A. L. and Usman, S. A. and Vahlbruch, H. and Vajente, G. and Valdes, G. and Vallisneri, M. and van Bakel, N. and van Beuzekom, M. and van den Brand, J. F. J. and Van Den Broeck, C. and Vander-Hyde, D. C. and van der Schaaf, L. and van Heijningen, J. V. and van Veggel, A. A. and Vardaro, M. and Varma, V. and Vass, S. and Vasúth, M. and Vecchio, A. and Vedovato, G. and Veitch, J. and Veitch, P. J. and Venkateswara, K. and Venugopalan, G. and Verkindt, D. and Vetrano, F. and Viceré, A. and Viets, A. D. and Vinciguerra, S. and Vine, D. J. and Vinet, J.-Y. and Vitale, S. and Vo, T. and Vocca, H. and Vorvick, C. and Vyatchanin, S. P. and Wade, A. R. and Wade, L. E. and Wade, M. and Walet, R. and Walker, M. and Wallace, L. and Walsh, S. and Wang, G. and Wang, H. and Wang, J. Z. and Wang, W. H. and Wang, Y. F. and Ward, R. L. and Warner, J. and Was, M. and Watchi, J. and Weaver, B. and Wei, L.-W. and Weinert, M. and Weinstein, A. J. and Weiss, R. and Wen, L. and Wessel, E. K. and Weßels, P. and Westerweck, J. and Westphal, T. and Wette, K. and Whelan, J. T. and Whitcomb, S. E. and Whiting, B. F. and Whittle, C. and Wilken, D. and Williams, D. and Williams, R. D. and Williamson, A. R. and Willis, J. L. and Willke, B. and Wimmer, M. H. and Winkler, W. and Wipf, C. C. and Wittel, H. and Woan, G. and Woehler, J. and Wofford, J. and Wong, K. W. K. and Worden, J. and Wright, J. L. and Wu, D. S. and Wysocki, D. M. and Xiao, S. and Yamamoto, H. and Yancey, C. C. and Yang, L. and Yap, M. J. and Yazback, M. and Yu, Hang and Yu, Haocun and Yvert, M. and Zadrożny, A. and Zanolin, M. and Zelenova, T. and Zendri, J.-P. and Zevin, M. and Zhang, L. and Zhang, M. and Zhang, T. and Zhang, Y.-H. and Zhao, C. and Zhou, M. and Zhou, Z. and Zhu, S. J. and Zhu, X. J. and Zimmerman, A. B. and Zucker, M. E. and Zweizig, J.},
   year={2017},
   month=oct }


@article{Abbott_2016,
   title={Observation of Gravitational Waves from a Binary Black Hole Merger},
   volume={116},
   ISSN={1079-7114},
   url={http://dx.doi.org/10.1103/PhysRevLett.116.061102},
   DOI={10.1103/physrevlett.116.061102},
   number={6},
   journal={Physical Review Letters},
   publisher={American Physical Society (APS)},
   author={Abbott, B. P. and Abbott, R. and Abbott, T. D. and Abernathy, M. R. and Acernese, F. and Ackley, K. and Adams, C. and Adams, T. and Addesso, P. and Adhikari, R. X. and Adya, V. B. and Affeldt, C. and Agathos, M. and Agatsuma, K. and Aggarwal, N. and Aguiar, O. D. and Aiello, L. and Ain, A. and Ajith, P. and Allen, B. and Allocca, A. and Altin, P. A. and Anderson, S. B. and Anderson, W. G. and Arai, K. and Arain, M. A. and Araya, M. C. and Arceneaux, C. C. and Areeda, J. S. and Arnaud, N. and Arun, K. G. and Ascenzi, S. and Ashton, G. and Ast, M. and Aston, S. M. and Astone, P. and Aufmuth, P. and Aulbert, C. and Babak, S. and Bacon, P. and Bader, M. K. M. and Baker, P. T. and Baldaccini, F. and Ballardin, G. and Ballmer, S. W. and Barayoga, J. C. and Barclay, S. E. and Barish, B. C. and Barker, D. and Barone, F. and Barr, B. and Barsotti, L. and Barsuglia, M. and Barta, D. and Bartlett, J. and Barton, M. A. and Bartos, I. and Bassiri, R. and Basti, A. and Batch, J. C. and Baune, C. and Bavigadda, V. and Bazzan, M. and Behnke, B. and Bejger, M. and Belczynski, C. and Bell, A. S. and Bell, C. J. and Berger, B. K. and Bergman, J. and Bergmann, G. and Berry, C. P. L. and Bersanetti, D. and Bertolini, A. and Betzwieser, J. and Bhagwat, S. and Bhandare, R. and Bilenko, I. A. and Billingsley, G. and Birch, J. and Birney, I. A. and Birnholtz, O. and Biscans, S. and Bisht, A. and Bitossi, M. and Biwer, C. and Bizouard, M. A. and Blackburn, J. K. and Blair, C. D. and Blair, D. G. and Blair, R. M. and Bloemen, S. and Bock, O. and Bodiya, T. P. and Boer, M. and Bogaert, G. and Bogan, C. and Bohe, A. and Bojtos, P. and Bond, C. and Bondu, F. and Bonnand, R. and Boom, B. A. and Bork, R. and Boschi, V. and Bose, S. and Bouffanais, Y. and Bozzi, A. and Bradaschia, C. and Brady, P. R. and Braginsky, V. B. and Branchesi, M. and Brau, J. E. and Briant, T. and Brillet, A. and Brinkmann, M. and Brisson, V. and Brockill, P. and Brooks, A. F. and Brown, D. A. and Brown, D. D. and Brown, N. M. and Buchanan, C. C. and Buikema, A. and Bulik, T. and Bulten, H. J. and Buonanno, A. and Buskulic, D. and Buy, C. and Byer, R. L. and Cabero, M. and Cadonati, L. and Cagnoli, G. and Cahillane, C. and Bustillo, J. Calderón and Callister, T. and Calloni, E. and Camp, J. B. and Cannon, K. C. and Cao, J. and Capano, C. D. and Capocasa, E. and Carbognani, F. and Caride, S. and Diaz, J. Casanueva and Casentini, C. and Caudill, S. and Cavaglià, M. and Cavalier, F. and Cavalieri, R. and Cella, G. and Cepeda, C. B. and Baiardi, L. Cerboni and Cerretani, G. and Cesarini, E. and Chakraborty, R. and Chalermsongsak, T. and Chamberlin, S. J. and Chan, M. and Chao, S. and Charlton, P. and Chassande-Mottin, E. and Chen, H. Y. and Chen, Y. and Cheng, C. and Chincarini, A. and Chiummo, A. and Cho, H. S. and Cho, M. and Chow, J. H. and Christensen, N. and Chu, Q. and Chua, S. and Chung, S. and Ciani, G. and Clara, F. and Clark, J. A. and Cleva, F. and Coccia, E. and Cohadon, P.-F. and Colla, A. and Collette, C. G. and Cominsky, L. and Constancio, M. and Conte, A. and Conti, L. and Cook, D. and Corbitt, T. R. and Cornish, N. and Corsi, A. and Cortese, S. and Costa, C. A. and Coughlin, M. W. and Coughlin, S. B. and Coulon, J.-P. and Countryman, S. T. and Couvares, P. and Cowan, E. E. and Coward, D. M. and Cowart, M. J. and Coyne, D. C. and Coyne, R. and Craig, K. and Creighton, J. D. E. and Creighton, T. D. and Cripe, J. and Crowder, S. G. and Cruise, A. M. and Cumming, A. and Cunningham, L. and Cuoco, E. and Canton, T. Dal and Danilishin, S. L. and D’Antonio, S. and Danzmann, K. and Darman, N. S. and Da Silva Costa, C. F. and Dattilo, V. and Dave, I. and Daveloza, H. P. and Davier, M. and Davies, G. S. and Daw, E. J. and Day, R. and De, S. and DeBra, D. and Debreczeni, G. and Degallaix, J. and De Laurentis, M. and Deléglise, S. and Del Pozzo, W. and Denker, T. and Dent, T. and Dereli, H. and Dergachev, V. and DeRosa, R. T. and De Rosa, R. and DeSalvo, R. and Dhurandhar, S. and Díaz, M. C. and Di Fiore, L. and Di Giovanni, M. and Di Lieto, A. and Di Pace, S. and Di Palma, I. and Di Virgilio, A. and Dojcinoski, G. and Dolique, V. and Donovan, F. and Dooley, K. L. and Doravari, S. and Douglas, R. and Downes, T. P. and Drago, M. and Drever, R. W. P. and Driggers, J. C. and Du, Z. and Ducrot, M. and Dwyer, S. E. and Edo, T. B. and Edwards, M. C. and Effler, A. and Eggenstein, H.-B. and Ehrens, P. and Eichholz, J. and Eikenberry, S. S. and Engels, W. and Essick, R. C. and Etzel, T. and Evans, M. and Evans, T. M. and Everett, R. and Factourovich, M. and Fafone, V. and Fair, H. and Fairhurst, S. and Fan, X. and Fang, Q. and Farinon, S. and Farr, B. and Farr, W. M. and Favata, M. and Fays, M. and Fehrmann, H. and Fejer, M. M. and Feldbaum, D. and Ferrante, I. and Ferreira, E. C. and Ferrini, F. and Fidecaro, F. and Finn, L. S. and Fiori, I. and Fiorucci, D. and Fisher, R. P. and Flaminio, R. and Fletcher, M. and Fong, H. and Fournier, J.-D. and Franco, S. and Frasca, S. and Frasconi, F. and Frede, M. and Frei, Z. and Freise, A. and Frey, R. and Frey, V. and Fricke, T. T. and Fritschel, P. and Frolov, V. V. and Fulda, P. and Fyffe, M. and Gabbard, H. A. G. and Gair, J. R. and Gammaitoni, L. and Gaonkar, S. G. and Garufi, F. and Gatto, A. and Gaur, G. and Gehrels, N. and Gemme, G. and Gendre, B. and Genin, E. and Gennai, A. and George, J. and Gergely, L. and Germain, V. and Ghosh, Abhirup and Ghosh, Archisman and Ghosh, S. and Giaime, J. A. and Giardina, K. D. and Giazotto, A. and Gill, K. and Glaefke, A. and Gleason, J. R. and Goetz, E. and Goetz, R. and Gondan, L. and González, G. and Castro, J. M. Gonzalez and Gopakumar, A. and Gordon, N. A. and Gorodetsky, M. L. and Gossan, S. E. and Gosselin, M. and Gouaty, R. and Graef, C. and Graff, P. B. and Granata, M. and Grant, A. and Gras, S. and Gray, C. and Greco, G. and Green, A. C. and Greenhalgh, R. J. S. and Groot, P. and Grote, H. and Grunewald, S. and Guidi, G. M. and Guo, X. and Gupta, A. and Gupta, M. K. and Gushwa, K. E. and Gustafson, E. K. and Gustafson, R. and Hacker, J. J. and Hall, B. R. and Hall, E. D. and Hammond, G. and Haney, M. and Hanke, M. M. and Hanks, J. and Hanna, C. and Hannam, M. D. and Hanson, J. and Hardwick, T. and Harms, J. and Harry, G. M. and Harry, I. W. and Hart, M. J. and Hartman, M. T. and Haster, C.-J. and Haughian, K. and Healy, J. and Heefner, J. and Heidmann, A. and Heintze, M. C. and Heinzel, G. and Heitmann, H. and Hello, P. and Hemming, G. and Hendry, M. and Heng, I. S. and Hennig, J. and Heptonstall, A. W. and Heurs, M. and Hild, S. and Hoak, D. and Hodge, K. A. and Hofman, D. and Hollitt, S. E. and Holt, K. and Holz, D. E. and Hopkins, P. and Hosken, D. J. and Hough, J. and Houston, E. A. and Howell, E. J. and Hu, Y. M. and Huang, S. and Huerta, E. A. and Huet, D. and Hughey, B. and Husa, S. and Huttner, S. H. and Huynh-Dinh, T. and Idrisy, A. and Indik, N. and Ingram, D. R. and Inta, R. and Isa, H. N. and Isac, J.-M. and Isi, M. and Islas, G. and Isogai, T. and Iyer, B. R. and Izumi, K. and Jacobson, M. B. and Jacqmin, T. and Jang, H. and Jani, K. and Jaranowski, P. and Jawahar, S. and Jiménez-Forteza, F. and Johnson, W. W. and Johnson-McDaniel, N. K. and Jones, D. I. and Jones, R. and Jonker, R. J. G. and Ju, L. and Haris, K. and Kalaghatgi, C. V. and Kalogera, V. and Kandhasamy, S. and Kang, G. and Kanner, J. B. and Karki, S. and Kasprzack, M. and Katsavounidis, E. and Katzman, W. and Kaufer, S. and Kaur, T. and Kawabe, K. and Kawazoe, F. and Kéfélian, F. and Kehl, M. S. and Keitel, D. and Kelley, D. B. and Kells, W. and Kennedy, R. and Keppel, D. G. and Key, J. S. and Khalaidovski, A. and Khalili, F. Y. and Khan, I. and Khan, S. and Khan, Z. and Khazanov, E. A. and Kijbunchoo, N. and Kim, C. and Kim, J. and Kim, K. and Kim, Nam-Gyu and Kim, Namjun and Kim, Y.-M. and King, E. J. and King, P. J. and Kinzel, D. L. and Kissel, J. S. and Kleybolte, L. and Klimenko, S. and Koehlenbeck, S. M. and Kokeyama, K. and Koley, S. and Kondrashov, V. and Kontos, A. and Koranda, S. and Korobko, M. and Korth, W. Z. and Kowalska, I. and Kozak, D. B. and Kringel, V. and Krishnan, B. and Królak, A. and Krueger, C. and Kuehn, G. and Kumar, P. and Kumar, R. and Kuo, L. and Kutynia, A. and Kwee, P. and Lackey, B. D. and Landry, M. and Lange, J. and Lantz, B. and Lasky, P. D. and Lazzarini, A. and Lazzaro, C. and Leaci, P. and Leavey, S. and Lebigot, E. O. and Lee, C. H. and Lee, H. K. and Lee, H. M. and Lee, K. and Lenon, A. and Leonardi, M. and Leong, J. R. and Leroy, N. and Letendre, N. and Levin, Y. and Levine, B. M. and Li, T. G. F. and Libson, A. and Littenberg, T. B. and Lockerbie, N. A. and Logue, J. and Lombardi, A. L. and London, L. T. and Lord, J. E. and Lorenzini, M. and Loriette, V. and Lormand, M. and Losurdo, G. and Lough, J. D. and Lousto, C. O. and Lovelace, G. and Lück, H. and Lundgren, A. P. and Luo, J. and Lynch, R. and Ma, Y. and MacDonald, T. and Machenschalk, B. and MacInnis, M. and Macleod, D. M. and Magaña-Sandoval, F. and Magee, R. M. and Mageswaran, M. and Majorana, E. and Maksimovic, I. and Malvezzi, V. and Man, N. and Mandel, I. and Mandic, V. and Mangano, V. and Mansell, G. L. and Manske, M. and Mantovani, M. and Marchesoni, F. and Marion, F. and Márka, S. and Márka, Z. and Markosyan, A. S. and Maros, E. and Martelli, F. and Martellini, L. and Martin, I. W. and Martin, R. M. and Martynov, D. V. and Marx, J. N. and Mason, K. and Masserot, A. and Massinger, T. J. and Masso-Reid, M. and Matichard, F. and Matone, L. and Mavalvala, N. and Mazumder, N. and Mazzolo, G. and McCarthy, R. and McClelland, D. E. and McCormick, S. and McGuire, S. C. and McIntyre, G. and McIver, J. and McManus, D. J. and McWilliams, S. T. and Meacher, D. and Meadors, G. D. and Meidam, J. and Melatos, A. and Mendell, G. and Mendoza-Gandara, D. and Mercer, R. A. and Merilh, E. and Merzougui, M. and Meshkov, S. and Messenger, C. and Messick, C. and Meyers, P. M. and Mezzani, F. and Miao, H. and Michel, C. and Middleton, H. and Mikhailov, E. E. and Milano, L. and Miller, J. and Millhouse, M. and Minenkov, Y. and Ming, J. and Mirshekari, S. and Mishra, C. and Mitra, S. and Mitrofanov, V. P. and Mitselmakher, G. and Mittleman, R. and Moggi, A. and Mohan, M. and Mohapatra, S. R. P. and Montani, M. and Moore, B. C. and Moore, C. J. and Moraru, D. and Moreno, G. and Morriss, S. R. and Mossavi, K. and Mours, B. and Mow-Lowry, C. M. and Mueller, C. L. and Mueller, G. and Muir, A. W. and Mukherjee, Arunava and Mukherjee, D. and Mukherjee, S. and Mukund, N. and Mullavey, A. and Munch, J. and Murphy, D. J. and Murray, P. G. and Mytidis, A. and Nardecchia, I. and Naticchioni, L. and Nayak, R. K. and Necula, V. and Nedkova, K. and Nelemans, G. and Neri, M. and Neunzert, A. and Newton, G. and Nguyen, T. T. and Nielsen, A. B. and Nissanke, S. and Nitz, A. and Nocera, F. and Nolting, D. and Normandin, M. E. N. and Nuttall, L. K. and Oberling, J. and Ochsner, E. and O’Dell, J. and Oelker, E. and Ogin, G. H. and Oh, J. J. and Oh, S. H. and Ohme, F. and Oliver, M. and Oppermann, P. and Oram, Richard J. and O’Reilly, B. and O’Shaughnessy, R. and Ott, C. D. and Ottaway, D. J. and Ottens, R. S. and Overmier, H. and Owen, B. J. and Pai, A. and Pai, S. A. and Palamos, J. R. and Palashov, O. and Palomba, C. and Pal-Singh, A. and Pan, H. and Pan, Y. and Pankow, C. and Pannarale, F. and Pant, B. C. and Paoletti, F. and Paoli, A. and Papa, M. A. and Paris, H. R. and Parker, W. and Pascucci, D. and Pasqualetti, A. and Passaquieti, R. and Passuello, D. and Patricelli, B. and Patrick, Z. and Pearlstone, B. L. and Pedraza, M. and Pedurand, R. and Pekowsky, L. and Pele, A. and Penn, S. and Perreca, A. and Pfeiffer, H. P. and Phelps, M. and Piccinni, O. and Pichot, M. and Pickenpack, M. and Piergiovanni, F. and Pierro, V. and Pillant, G. and Pinard, L. and Pinto, I. M. and Pitkin, M. and Poeld, J. H. and Poggiani, R. and Popolizio, P. and Post, A. and Powell, J. and Prasad, J. and Predoi, V. and Premachandra, S. S. and Prestegard, T. and Price, L. R. and Prijatelj, M. and Principe, M. and Privitera, S. and Prix, R. and Prodi, G. A. and Prokhorov, L. and Puncken, O. and Punturo, M. and Puppo, P. and Pürrer, M. and Qi, H. and Qin, J. and Quetschke, V. and Quintero, E. A. and Quitzow-James, R. and Raab, F. J. and Rabeling, D. S. and Radkins, H. and Raffai, P. and Raja, S. and Rakhmanov, M. and Ramet, C. R. and Rapagnani, P. and Raymond, V. and Razzano, M. and Re, V. and Read, J. and Reed, C. M. and Regimbau, T. and Rei, L. and Reid, S. and Reitze, D. H. and Rew, H. and Reyes, S. D. and Ricci, F. and Riles, K. and Robertson, N. A. and Robie, R. and Robinet, F. and Rocchi, A. and Rolland, L. and Rollins, J. G. and Roma, V. J. and Romano, J. D. and Romano, R. and Romanov, G. and Romie, J. H. and Rosińska, D. and Rowan, S. and Rüdiger, A. and Ruggi, P. and Ryan, K. and Sachdev, S. and Sadecki, T. and Sadeghian, L. and Salconi, L. and Saleem, M. and Salemi, F. and Samajdar, A. and Sammut, L. and Sampson, L. M. and Sanchez, E. J. and Sandberg, V. and Sandeen, B. and Sanders, G. H. and Sanders, J. R. and Sassolas, B. and Sathyaprakash, B. S. and Saulson, P. R. and Sauter, O. and Savage, R. L. and Sawadsky, A. and Schale, P. and Schilling, R. and Schmidt, J. and Schmidt, P. and Schnabel, R. and Schofield, R. M. S. and Schönbeck, A. and Schreiber, E. and Schuette, D. and Schutz, B. F. and Scott, J. and Scott, S. M. and Sellers, D. and Sengupta, A. S. and Sentenac, D. and Sequino, V. and Sergeev, A. and Serna, G. and Setyawati, Y. and Sevigny, A. and Shaddock, D. A. and Shaffer, T. and Shah, S. and Shahriar, M. S. and Shaltev, M. and Shao, Z. and Shapiro, B. and Shawhan, P. and Sheperd, A. and Shoemaker, D. H. and Shoemaker, D. M. and Siellez, K. and Siemens, X. and Sigg, D. and Silva, A. D. and Simakov, D. and Singer, A. and Singer, L. P. and Singh, A. and Singh, R. and Singhal, A. and Sintes, A. M. and Slagmolen, B. J. J. and Smith, J. R. and Smith, M. R. and Smith, N. D. and Smith, R. J. E. and Son, E. J. and Sorazu, B. and Sorrentino, F. and Souradeep, T. and Srivastava, A. K. and Staley, A. and Steinke, M. and Steinlechner, J. and Steinlechner, S. and Steinmeyer, D. and Stephens, B. C. and Stevenson, S. P. and Stone, R. and Strain, K. A. and Straniero, N. and Stratta, G. and Strauss, N. A. and Strigin, S. and Sturani, R. and Stuver, A. L. and Summerscales, T. Z. and Sun, L. and Sutton, P. J. and Swinkels, B. L. and Szczepańczyk, M. J. and Tacca, M. and Talukder, D. and Tanner, D. B. and Tápai, M. and Tarabrin, S. P. and Taracchini, A. and Taylor, R. and Theeg, T. and Thirugnanasambandam, M. P. and Thomas, E. G. and Thomas, M. and Thomas, P. and Thorne, K. A. and Thorne, K. S. and Thrane, E. and Tiwari, S. and Tiwari, V. and Tokmakov, K. V. and Tomlinson, C. and Tonelli, M. and Torres, C. V. and Torrie, C. I. and Töyrä, D. and Travasso, F. and Traylor, G. and Trifirò, D. and Tringali, M. C. and Trozzo, L. and Tse, M. and Turconi, M. and Tuyenbayev, D. and Ugolini, D. and Unnikrishnan, C. S. and Urban, A. L. and Usman, S. A. and Vahlbruch, H. and Vajente, G. and Valdes, G. and Vallisneri, M. and van Bakel, N. and van Beuzekom, M. and van den Brand, J. F. J. and Van Den Broeck, C. and Vander-Hyde, D. C. and van der Schaaf, L. and van Heijningen, J. V. and van Veggel, A. A. and Vardaro, M. and Vass, S. and Vasúth, M. and Vaulin, R. and Vecchio, A. and Vedovato, G. and Veitch, J. and Veitch, P. J. and Venkateswara, K. and Verkindt, D. and Vetrano, F. and Viceré, A. and Vinciguerra, S. and Vine, D. J. and Vinet, J.-Y. and Vitale, S. and Vo, T. and Vocca, H. and Vorvick, C. and Voss, D. and Vousden, W. D. and Vyatchanin, S. P. and Wade, A. R. and Wade, L. E. and Wade, M. and Waldman, S. J. and Walker, M. and Wallace, L. and Walsh, S. and Wang, G. and Wang, H. and Wang, M. and Wang, X. and Wang, Y. and Ward, H. and Ward, R. L. and Warner, J. and Was, M. and Weaver, B. and Wei, L.-W. and Weinert, M. and Weinstein, A. J. and Weiss, R. and Welborn, T. and Wen, L. and Weßels, P. and Westphal, T. and Wette, K. and Whelan, J. T. and Whitcomb, S. E. and White, D. J. and Whiting, B. F. and Wiesner, K. and Wilkinson, C. and Willems, P. A. and Williams, L. and Williams, R. D. and Williamson, A. R. and Willis, J. L. and Willke, B. and Wimmer, M. H. and Winkelmann, L. and Winkler, W. and Wipf, C. C. and Wiseman, A. G. and Wittel, H. and Woan, G. and Worden, J. and Wright, J. L. and Wu, G. and Yablon, J. and Yakushin, I. and Yam, W. and Yamamoto, H. and Yancey, C. C. and Yap, M. J. and Yu, H. and Yvert, M. and Zadrożny, A. and Zangrando, L. and Zanolin, M. and Zendri, J.-P. and Zevin, M. and Zhang, F. and Zhang, L. and Zhang, M. and Zhang, Y. and Zhao, C. and Zhou, M. and Zhou, Z. and Zhu, X. J. and Zucker, M. E. and Zuraw, S. E. and Zweizig, J.},
   year={2016},
   month=feb }

keyboard_arrow_right
File outline

@misc{skalski_skalskipyolov8-live_2025,
	title = {{SkalskiP}/yolov8-live},
	url = {https://github.com/SkalskiP/yolov8-live},
	abstract = {A short script showing how to build simple real-time video analytics apps using YOLOv8 and Supervision. Try it out, and most importantly have fun! ��},
	urldate = {2025-01-29},
	author = {Skalski, Piotr},
	month = jan,
	year = {2025},
	note = {original-date: 2023-02-09T14:04:37Z},
	keywords = {real-time, supervision, video-analysis, video-processing, video-streaming, webcam, yolo, yolov8},
}

@misc{noauthor_skalskipyolov8-live_nodate,
	title = {{SkalskiP}/yolov8-live: {A} short script showing how to build simple real-time video analytics apps using {YOLOv8} and {Supervision}. {Try} it out, and most importantly have fun! ��},
	shorttitle = {{SkalskiP}/yolov8-live},
	url = {https://github.com/SkalskiP/yolov8-live},
	abstract = {A short script showing how to build simple real-time video analytics apps using YOLOv8 and Supervision. Try it out, and most importantly have fun! �� - SkalskiP/yolov8-live},
	language = {en},
	urldate = {2025-01-29},
	journal = {GitHub},
}

@misc{ultralytics_predict_nodate,
	title = {Predict},
	url = {https://docs.ultralytics.com/modes/predict},
	abstract = {Harness the power of Ultralytics YOLO11 for real-time, high-speed inference on various data sources. Learn about predict mode, key features, and practical applications.},
	language = {en},
	urldate = {2025-02-11},
	author = {Ultralytics},
	file = {Snapshot:C\:\\Users\\agwbo\\Zotero\\storage\\X4X85BN7\\predict.html:text/html},
}

@misc{noauthor_rainer_2024,
	title = {Rainer {Weiss}},
	copyright = {Creative Commons Attribution-ShareAlike License},
	url = {https://en.wikipedia.org/w/index.php?title=Rainer_Weiss&oldid=1265005731},
	abstract = {Rainer "Rai" Weiss ( WYSSE, German: [vaɪs]; born September 29, 1932) is a German-born American physicist, known for his contributions in gravitational physics and astrophysics. He is a professor of physics emeritus at MIT and an adjunct professor at LSU. He is best known for inventing the laser interferometric technique which is the basic operation of LIGO. He was Chair of the COBE Science Working Group.
In 2017, Weiss was awarded the Nobel Prize in Physics, along with Kip Thorne and Barry Barish, "for decisive contributions to the LIGO detector and the observation of gravitational waves".
Weiss has helped realize a number of challenging experimental tests of fundamental physics. He is a member of the Fermilab Holometer experiment, which uses a 40m laser interferometer to measure properties of space and time at quantum scale and provide Planck-precision tests of quantum holographic fluctuation.},
	language = {en},
	urldate = {2025-02-11},
	journal = {Wikipedia},
	month = dec,
	year = {2024},
	note = {Page Version ID: 1265005731},
	file = {Snapshot:C\:\\Users\\agwbo\\Zotero\\storage\\E5HGVY7A\\Rainer_Weiss.html:text/html},
}

@misc{noauthor_ligo_2025,
	title = {{LIGO}},
	copyright = {Creative Commons Attribution-ShareAlike License},
	url = {https://en.wikipedia.org/w/index.php?title=LIGO&oldid=1271686265},
	abstract = {The Laser Interferometer Gravitational-Wave Observatory (LIGO) is a large-scale physics experiment and observatory designed to detect cosmic gravitational waves and to develop gravitational-wave observations as an astronomical tool. Prior to LIGO, all data about the universe has come in the form of light and other forms of electromagnetic radiation, from limited direct exploration on relatively nearby Solar System objects such as the Moon, Mars, Venus, Jupiter and their moons, asteroids etc, and from high energy cosmic particles. Initially, two large observatories were built in the United States with the aim of detecting gravitational waves by laser interferometry. Two additional, smaller gravity wave observatories are now operational in Japan KAGRA and Italy Virgo. The two LIGO observatories use mirrors spaced four kilometers apart to measure changes in length—over an effective span of 1120 km—of less than one ten-thousandth the charge diameter of a proton.
The initial LIGO observatories were funded by the United States National Science Foundation (NSF) and were conceived, built and are operated by Caltech and MIT. They collected data from 2002 to 2010 but no gravitational waves were detected.
The Advanced LIGO Project to enhance the original LIGO detectors began in 2008 and continues to be supported by the NSF, with important contributions from the United Kingdom's Science and Technology Facilities Council, the Max Planck Society of Germany, and the Australian Research Council. The improved detectors began operation in 2015. The detection of gravitational waves was reported in 2016 by the LIGO Scientific Collaboration (LSC) and the Virgo Collaboration with the international participation of scientists from several universities and research institutions. Scientists involved in the project and the analysis of the data for gravitational-wave astronomy are organized by the LSC, which includes more than 1000 scientists worldwide, as well as 440,000 active Einstein@Home users as of December 2016.
LIGO is the largest and most ambitious project ever funded by the NSF. In 2017, the Nobel Prize in Physics was awarded to Rainer Weiss, Kip Thorne and Barry C. Barish "for decisive contributions to the LIGO detector and the observation of gravitational waves".
Observations are made in "runs". As of January 2022, LIGO has made three runs (with one of the runs divided into two "subruns"), and made 90 detections of gravitational waves. Maintenance and upgrades of the detectors are made between runs. The first run, O1, which ran from 12 September 2015 to 19 January 2016, made the first three detections, all black hole mergers. The second run, O2, which ran from 30 November 2016 to 25 August 2017, made eight detections: seven black hole mergers and the first neutron star merger. The third run, O3, began on 1 April 2019; it was divided into O3a, from 1 April to 30 September 2019, and O3b, from 1 November 2019 until it was suspended on 27 March 2020 due to COVID-19. The O3 run included the first detection of the merger of a neutron star with a black hole.
Subsequent gravitational wave observatories Virgo in Italy, and KAGRA in Japan, which both use interferometer arms 3 km long, are coordinating with LIGO to continue observations after the COVID-caused stop, and LIGO's O4 observing run started on 24 May 2023. LIGO projects a sensitivity goal of 160–190 Mpc for binary neutron star mergers (sensitivities: Virgo 80–115 Mpc, KAGRA greater than 1 Mpc).},
	language = {en},
	urldate = {2025-02-12},
	journal = {Wikipedia},
	month = jan,
	year = {2025},
	note = {Page Version ID: 1271686265},
	file = {Snapshot:C\:\\Users\\agwbo\\Zotero\\storage\\FT2UYIQ5\\LIGO.html:text/html},
}


@Article{universe2030022,
AUTHOR = {Cervantes-Cota, Jorge L. and Galindo-Uribarri, Salvador and Smoot, George F.},
TITLE = {A Brief History of Gravitational Waves},
JOURNAL = {Universe},
VOLUME = {2},
YEAR = {2016},
NUMBER = {3},
ARTICLE-NUMBER = {22},
URL = {https://www.mdpi.com/2218-1997/2/3/22},
ISSN = {2218-1997},
ABSTRACT = {This review describes the discovery of gravitational waves. We recount the journey of predicting and finding those waves, since its beginning in the early twentieth century, their prediction by Einstein in 1916, theoretical and experimental blunders, efforts towards their detection, and finally the subsequent successful discovery.},
DOI = {10.3390/universe2030022}
}

@article{wu_time_2019,
	title = {Time {Difference} of {Arrival} ({TDoA}) {Localization} {Combining} {Weighted} {Least} {Squares} and {Firefly} {Algorithm}},
	volume = {19},
	issn = {1424-8220},
	url = {https://www.mdpi.com/1424-8220/19/11/2554},
	doi = {10.3390/s19112554},
	abstract = {Time difference of arrival (TDoA) based on a group of sensor nodes with known locations has been widely used to locate targets. Two-step weighted least squares (TSWLS), constrained weighted least squares (CWLS), and Newton–Raphson (NR) iteration are commonly used passive location methods, among which the initial position is needed and the complexity is high. This paper proposes a hybrid firefly algorithm (hybrid-FA) method, combining the weighted least squares (WLS) algorithm and FA, which can reduce computation as well as achieve high accuracy. The WLS algorithm is performed first, the result of which is used to restrict the search region for the FA method. Simulations showed that the hybrid-FA method required far fewer iterations than the FA method alone to achieve the same accuracy. Additionally, two experiments were conducted to compare the results of hybrid-FA with other methods. The findings indicated that the root-mean-square error (RMSE) and mean distance error of the hybrid-FA method were lower than that of the NR, TSWLS, and genetic algorithm (GA). On the whole, the hybrid-FA outperformed the NR, TSWLS, and GA for TDoA measurement.},
	number = {11},
	journal = {Sensors},
	author = {Wu, Peng and Su, Shaojing and Zuo, Zhen and Guo, Xiaojun and Sun, Bei and Wen, Xudong},
	year = {2019},
}

@article{TDOA,
    author    = "Brian O'Keefe",
    title     = "Finding Location with Time of Arrival and Time Difference of Arrival Techniques ",
    journal   = "ECE Senior Capstone Project ",
    ?_volume   = "",
    ?_number   = "",
    ?_pages    = "",
    year      = "2017",
    ?_month    = "",
    ?_note     = "",
}

@Article{s19112554,
AUTHOR = {Wu, Peng and Su, Shaojing and Zuo, Zhen and Guo, Xiaojun and Sun, Bei and Wen, Xudong},
TITLE = {Time Difference of Arrival (TDoA) Localization Combining Weighted Least Squares and Firefly Algorithm},
JOURNAL = {Sensors},
VOLUME = {19},
YEAR = {2019},
NUMBER = {11},
ARTICLE-NUMBER = {2554},
URL = {https://www.mdpi.com/1424-8220/19/11/2554},
PubMedID = {31167498},
ISSN = {1424-8220},
ABSTRACT = {Time difference of arrival (TDoA) based on a group of sensor nodes with known locations has been widely used to locate targets. Two-step weighted least squares (TSWLS), constrained weighted least squares (CWLS), and Newton–Raphson (NR) iteration are commonly used passive location methods, among which the initial position is needed and the complexity is high. This paper proposes a hybrid firefly algorithm (hybrid-FA) method, combining the weighted least squares (WLS) algorithm and FA, which can reduce computation as well as achieve high accuracy. The WLS algorithm is performed first, the result of which is used to restrict the search region for the FA method. Simulations showed that the hybrid-FA method required far fewer iterations than the FA method alone to achieve the same accuracy. Additionally, two experiments were conducted to compare the results of hybrid-FA with other methods. The findings indicated that the root-mean-square error (RMSE) and mean distance error of the hybrid-FA method were lower than that of the NR, TSWLS, and genetic algorithm (GA). On the whole, the hybrid-FA outperformed the NR, TSWLS, and GA for TDoA measurement.},
DOI = {10.3390/s19112554}
}

  @misc{ enwiki:1273231919,
    author = "{Wikipedia contributors}",
    title = "Broyden–Fletcher–Goldfarb–Shanno algorithm --- {Wikipedia}{,} The Free Encyclopedia",
    year = "2025",
    url = "https://en.wikipedia.org/w/index.php?title=Broyden%E2%80%93Fletcher%E2%80%93Goldfarb%E2%80%93Shanno_algorithm&oldid=1273231919",
    note = "[Online; accessed 08-March-2025]"
  }

  @misc{ enwiki:1251161789,
    author = "{Wikipedia contributors}",
    title = "Measurement uncertainty --- {Wikipedia}{,} The Free Encyclopedia",
    year = "2024",
    url = "https://en.wikipedia.org/w/index.php?title=Measurement_uncertainty&oldid=1251161789",
    note = "[Online; accessed 08-March-2025]"
  }

  @misc{ BFGSscipy,
    author = "{SciPy Community}",
    title = "minimize(method=’BFGS’)",
    year = "2025",
    url = "https://docs.scipy.org/doc/scipy/reference/optimize.minimize-bfgs.html",
    note = "[Online; accessed 09-March-2025]"
  }

@misc{ultralytics_yolov8_nodate,
	title = {{YOLOv8}},
    year = {2025},
	url = {https://docs.ultralytics.com/models/yolov8},
	abstract = {Discover YOLOv8, the latest advancement in real-time object detection, optimizing performance with an array of pre-trained models for diverse tasks.},
	language = {en},
	urldate = {2025-03-08},
	author = {{Ultralytics}},
}


@misc{noauthor_water_nodate,
	title = {Water {Level} {Monitor}},
	url = {https://projecthub.arduino.cc/NewMC/water-level-monitor-09c018},
	abstract = {This project will demonstrate how to build a water level monitor using an Arduino Nano, a Solu SL067 water level sensor, and an indicator.},
	urldate = {2025-03-08},
	journal = {Arduino Project Hub},
}

@misc{noauthor_getting_nodate,
	title = {Getting {Started} with the {HC}-{SR04} {Ultrasonic} sensor},
	url = {https://projecthub.arduino.cc/Isaac100/getting-started-with-the-hc-sr04-ultrasonic-sensor-7cabe1},
	abstract = {A basic introduction to the low cost and accurate HC-SR04!},
	urldate = {2025-03-08},
	journal = {Arduino Project Hub},
}

@misc{noauthor_-depth_2019,
	title = {In-{Depth}: {How} {Water} {Level} {Sensor} {Works} and {Interface} it with {Arduino}},
	shorttitle = {In-{Depth}},
	url = {https://lastminuteengineers.com/water-level-sensor-arduino-tutorial/},
	abstract = {Learn to interface Water Level Sensor with Arduino along with its working, pinout, hardware overview, calibration and reading both analog \& digital outputs},
	language = {en-US},
	urldate = {2025-03-08},
	journal = {Last Minute Engineers},
	month = nov,
	year = {2019},
	file = {Snapshot:C\:\\Users\\agwbo\\Zotero\\storage\\2WTH9SLV\\water-level-sensor-arduino-tutorial.html:text/html},
}


@misc{noauthor_what_nodate,
	title = {What {Is} an {Ultrasonic} {Sensor}?},
	url = {https://maxbotix.com/blogs/blog/how-ultrasonic-sensors-work},
	abstract = {Ultrasonic sensing offers high reliability for proximity and level detection. This guide introduces its principles and the environments it best suits.},
	language = {en},
	urldate = {2025-03-09},
	journal = {MaxBotix},
	file = {Snapshot:C\:\\Users\\agwbo\\Zotero\\storage\\XCBLSJCK\\how-ultrasonic-sensors-work.html:text/html},
}

@misc{noauthor_yolo_nodate,
	title = {{YOLO} {Performance} {Metrics} - {Ultralytics} {YOLO} {Docs}},
	url = {https://docs.ultralytics.com/guides/yolo-performance-metrics/#object-detection-metrics},
	urldate = {2025-03-10},
	file = {YOLO Performance Metrics - Ultralytics YOLO Docs:C\:\\Users\\agwbo\\Zotero\\storage\\F2TEEYMD\\yolo-performance-metrics.html:text/html},
}


@misc{noauthor_gravitational_nodate,
	title = {Gravitational wave bursts from core collapse supernovae},
	url = {https://wwwmpa.mpa-garching.mpg.de/HIGHLIGHT/2001/highlight0111_e.html},
	urldate = {2025-03-10},
	file = {Gravitational wave bursts from core collapse supernovae:C\:\\Users\\agwbo\\Zotero\\storage\\FEAVZTDF\\highlight0111_e.html:text/html},
}

@article{Cannon_2012,
doi = {10.1088/0004-637X/748/2/136},
url = {https://dx.doi.org/10.1088/0004-637X/748/2/136},
year = {2012},
month = {mar},
publisher = {The American Astronomical Society},
volume = {748},
number = {2},
pages = {136},
author = {Cannon, Kipp and Cariou, Romain and Chapman, Adrian and Crispin-Ortuzar, Mireia and Fotopoulos, Nickolas and Frei, Melissa and Hanna, Chad and Kara, Erin and Keppel, Drew and Liao, Laura and Privitera, Stephen and Searle, Antony and Singer, Leo and Weinstein, Alan},
title = {TOWARD EARLY-WARNING DETECTION OF GRAVITATIONAL WAVES FROM COMPACT BINARY COALESCENCE},
journal = {The Astrophysical Journal},
abstract = {Rapid detection of compact binary coalescence (CBC) with a network of advanced gravitational-wave detectors will offer a unique opportunity for multi-messenger astronomy. Prompt detection alerts for the astronomical community might make it possible to observe the onset of electromagnetic emission from CBC. We demonstrate a computationally practical filtering strategy that could produce early-warning triggers before gravitational radiation from the final merger has arrived at the detectors.}
}

@article{PhysRevLett.119.161101,
  title = {GW170817: Observation of Gravitational Waves from a Binary Neutron Star Inspiral},
  author = {Abbott, B. P. and Abbott, R. and Abbott, T. D. and Acernese, F. and Ackley, K. and Adams, C. and Adams, T. and Addesso, P. and Adhikari, R. X. and Adya, V. B. and Affeldt, C. and Afrough, M. and Agarwal, B. and Agathos, M. and Agatsuma, K. and Aggarwal, N. and Aguiar, O. D. and Aiello, L. and Ain, A. and Ajith, P. and Allen, B. and Allen, G. and Allocca, A. and Altin, P. A. and Amato, A. and Ananyeva, A. and Anderson, S. B. and Anderson, W. G. and Angelova, S. V. and Antier, S. and Appert, S. and Arai, K. and Araya, M. C. and Areeda, J. S. and Arnaud, N. and Arun, K. G. and Ascenzi, S. and Ashton, G. and Ast, M. and Aston, S. M. and Astone, P. and Atallah, D. V. and Aufmuth, P. and Aulbert, C. and AultONeal, K. and Austin, C. and Avila-Alvarez, A. and Babak, S. and Bacon, P. and Bader, M. K. M. and Bae, S. and Bailes, M. and Baker, P. T. and Baldaccini, F. and Ballardin, G. and Ballmer, S. W. and Banagiri, S. and Barayoga, J. C. and Barclay, S. E. and Barish, B. C. and Barker, D. and Barkett, K. and Barone, F. and Barr, B. and Barsotti, L. and Barsuglia, M. and Barta, D. and Barthelmy, S. D. and Bartlett, J. and Bartos, I. and Bassiri, R. and Basti, A. and Batch, J. C. and Bawaj, M. and Bayley, J. C. and Bazzan, M. and B\'ecsy, B. and Beer, C. and Bejger, M. and Belahcene, I. and Bell, A. S. and Berger, B. K. and Bergmann, G. and Bernuzzi, S. and Bero, J. J. and Berry, C. P. L. and Bersanetti, D. and Bertolini, A. and Betzwieser, J. and Bhagwat, S. and Bhandare, R. and Bilenko, I. A. and Billingsley, G. and Billman, C. R. and Birch, J. and Birney, I. A. and Birnholtz, O. and Biscans, S. and Biscoveanu, S. and Bisht, A. and Bitossi, M. and Biwer, C. and Bizouard, M. A. and Blackburn, J. K. and Blackman, J. and Blair, C. D. and Blair, D. G. and Blair, R. M. and Bloemen, S. and Bock, O. and Bode, N. and Boer, M. and Bogaert, G. and Bohe, A. and Bondu, F. and Bonilla, E. and Bonnand, R. and Boom, B. A. and Bork, R. and Boschi, V. and Bose, S. and Bossie, K. and Bouffanais, Y. and Bozzi, A. and Bradaschia, C. and Brady, P. R. and Branchesi, M. and Brau, J. E. and Briant, T. and Brillet, A. and Brinkmann, M. and Brisson, V. and Brockill, P. and Broida, J. E. and Brooks, A. F. and Brown, D. A. and Brown, D. D. and Brunett, S. and Buchanan, C. C. and Buikema, A. and Bulik, T. and Bulten, H. J. and Buonanno, A. and Buskulic, D. and Buy, C. and Byer, R. L. and Cabero, M. and Cadonati, L. and Cagnoli, G. and Cahillane, C. and Calder\'on Bustillo, J. and Callister, T. A. and Calloni, E. and Camp, J. B. and Canepa, M. and Canizares, P. and Cannon, K. C. and Cao, H. and Cao, J. and Capano, C. D. and Capocasa, E. and Carbognani, F. and Caride, S. and Carney, M. F. and Carullo, G. and Casanueva Diaz, J. and Casentini, C. and Caudill, S. and Cavagli\`a, M. and Cavalier, F. and Cavalieri, R. and Cella, G. and Cepeda, C. B. and Cerd\'a-Dur\'an, P. and Cerretani, G. and Cesarini, E. and Chamberlin, S. J. and Chan, M. and Chao, S. and Charlton, P. and Chase, E. and Chassande-Mottin, E. and Chatterjee, D. and Chatziioannou, K. and Cheeseboro, B. D. and Chen, H. Y. and Chen, X. and Chen, Y. and Cheng, H.-P. and Chia, H. and Chincarini, A. and Chiummo, A. and Chmiel, T. and Cho, H. S. and Cho, M. and Chow, J. H. and Christensen, N. and Chu, Q. and Chua, A. J. K. and Chua, S. and Chung, A. K. W. and Chung, S. and Ciani, G. and Ciolfi, R. and Cirelli, C. E. and Cirone, A. and Clara, F. and Clark, J. A. and Clearwater, P. and Cleva, F. and Cocchieri, C. and Coccia, E. and Cohadon, P.-F. and Cohen, D. and Colla, A. and Collette, C. G. and Cominsky, L. R. and Constancio, M. and Conti, L. and Cooper, S. J. and Corban, P. and Corbitt, T. R. and Cordero-Carri\'on, I. and Corley, K. R. and Cornish, N. and Corsi, A. and Cortese, S. and Costa, C. A. and Coughlin, M. W. and Coughlin, S. B. and Coulon, J.-P. and Countryman, S. T. and Couvares, P. and Covas, P. B. and Cowan, E. E. and Coward, D. M. and Cowart, M. J. and Coyne, D. C. and Coyne, R. and Creighton, J. D. E. and Creighton, T. D. and Cripe, J. and Crowder, S. G. and Cullen, T. J. and Cumming, A. and Cunningham, L. and Cuoco, E. and Dal Canton, T. and D\'alya, G. and Danilishin, S. L. and D'Antonio, S. and Danzmann, K. and Dasgupta, A. and Da Silva Costa, C. F. and Dattilo, V. and Dave, I. and Davier, M. and Davis, D. and Daw, E. J. and Day, B. and De, S. and DeBra, D. and Degallaix, J. and De Laurentis, M. and Del\'eglise, S. and Del Pozzo, W. and Demos, N. and Denker, T. and Dent, T. and De Pietri, R. and Dergachev, V. and De Rosa, R. and DeRosa, R. T. and De Rossi, C. and DeSalvo, R. and de Varona, O. and Devenson, J. and Dhurandhar, S. and D\'{\i}az, M. C. and Dietrich, T. and Di Fiore, L. and Di Giovanni, M. and Di Girolamo, T. and Di Lieto, A. and Di Pace, S. and Di Palma, I. and Di Renzo, F. and Doctor, Z. and Dolique, V. and Donovan, F. and Dooley, K. L. and Doravari, S. and Dorrington, I. and Douglas, R. and Dovale \'Alvarez, M. and Downes, T. P. and Drago, M. and Dreissigacker, C. and Driggers, J. C. and Du, Z. and Ducrot, M. and Dudi, R. and Dupej, P. and Dwyer, S. E. and Edo, T. B. and Edwards, M. C. and Effler, A. and Eggenstein, H.-B. and Ehrens, P. and Eichholz, J. and Eikenberry, S. S. and Eisenstein, R. A. and Essick, R. C. and Estevez, D. and Etienne, Z. B. and Etzel, T. and Evans, M. and Evans, T. M. and Factourovich, M. and Fafone, V. and Fair, H. and Fairhurst, S. and Fan, X. and Farinon, S. and Farr, B. and Farr, W. M. and Fauchon-Jones, E. J. and Favata, M. and Fays, M. and Fee, C. and Fehrmann, H. and Feicht, J. and Fejer, M. M. and Fernandez-Galiana, A. and Ferrante, I. and Ferreira, E. C. and Ferrini, F. and Fidecaro, F. and Finstad, D. and Fiori, I. and Fiorucci, D. and Fishbach, M. and Fisher, R. P. and Fitz-Axen, M. and Flaminio, R. and Fletcher, M. and Fong, H. and Font, J. A. and Forsyth, P. W. F. and Forsyth, S. S. and Fournier, J.-D. and Frasca, S. and Frasconi, F. and Frei, Z. and Freise, A. and Frey, R. and Frey, V. and Fries, E. M. and Fritschel, P. and Frolov, V. V. and Fulda, P. and Fyffe, M. and Gabbard, H. and Gadre, B. U. and Gaebel, S. M. and Gair, J. R. and Gammaitoni, L. and Ganija, M. R. and Gaonkar, S. G. and Garcia-Quiros, C. and Garufi, F. and Gateley, B. and Gaudio, S. and Gaur, G. and Gayathri, V. and Gehrels, N. and Gemme, G. and Genin, E. and Gennai, A. and George, D. and George, J. and Gergely, L. and Germain, V. and Ghonge, S. and Ghosh, Abhirup and Ghosh, Archisman and Ghosh, S. and Giaime, J. A. and Giardina, K. D. and Giazotto, A. and Gill, K. and Glover, L. and Goetz, E. and Goetz, R. and Gomes, S. and Goncharov, B. and Gonz\'alez, G. and Gonzalez Castro, J. M. and Gopakumar, A. and Gorodetsky, M. L. and Gossan, S. E. and Gosselin, M. and Gouaty, R. and Grado, A. and Graef, C. and Granata, M. and Grant, A. and Gras, S. and Gray, C. and Greco, G. and Green, A. C. and Gretarsson, E. M. and Groot, P. and Grote, H. and Grunewald, S. and Gruning, P. and Guidi, G. M. and Guo, X. and Gupta, A. and Gupta, M. K. and Gushwa, K. E. and Gustafson, E. K. and Gustafson, R. and Halim, O. and Hall, B. R. and Hall, E. D. and Hamilton, E. Z. and Hammond, G. and Haney, M. and Hanke, M. M. and Hanks, J. and Hanna, C. and Hannam, M. D. and Hannuksela, O. A. and Hanson, J. and Hardwick, T. and Harms, J. and Harry, G. M. and Harry, I. W. and Hart, M. J. and Haster, C.-J. and Haughian, K. and Healy, J. and Heidmann, A. and Heintze, M. C. and Heitmann, H. and Hello, P. and Hemming, G. and Hendry, M. and Heng, I. S. and Hennig, J. and Heptonstall, A. W. and Heurs, M. and Hild, S. and Hinderer, T. and Ho, W. C. G. and Hoak, D. and Hofman, D. and Holt, K. and Holz, D. E. and Hopkins, P. and Horst, C. and Hough, J. and Houston, E. A. and Howell, E. J. and Hreibi, A. and Hu, Y. M. and Huerta, E. A. and Huet, D. and Hughey, B. and Husa, S. and Huttner, S. H. and Huynh-Dinh, T. and Indik, N. and Inta, R. and Intini, G. and Isa, H. N. and Isac, J.-M. and Isi, M. and Iyer, B. R. and Izumi, K. and Jacqmin, T. and Jani, K. and Jaranowski, P. and Jawahar, S. and Jim\'enez-Forteza, F. and Johnson, W. W. and Johnson-McDaniel, N. K. and Jones, D. I. and Jones, R. and Jonker, R. J. G. and Ju, L. and Junker, J. and Kalaghatgi, C. V. and Kalogera, V. and Kamai, B. and Kandhasamy, S. and Kang, G. and Kanner, J. B. and Kapadia, S. J. and Karki, S. and Karvinen, K. S. and Kasprzack, M. and Kastaun, W. and Katolik, M. and Katsavounidis, E. and Katzman, W. and Kaufer, S. and Kawabe, K. and K\'ef\'elian, F. and Keitel, D. and Kemball, A. J. and Kennedy, R. and Kent, C. and Key, J. S. and Khalili, F. Y. and Khan, I. and Khan, S. and Khan, Z. and Khazanov, E. A. and Kijbunchoo, N. and Kim, Chunglee and Kim, J. C. and Kim, K. and Kim, W. and Kim, W. S. and Kim, Y.-M. and Kimbrell, S. J. and King, E. J. and King, P. J. and Kinley-Hanlon, M. and Kirchhoff, R. and Kissel, J. S. and Kleybolte, L. and Klimenko, S. and Knowles, T. D. and Koch, P. and Koehlenbeck, S. M. and Koley, S. and Kondrashov, V. and Kontos, A. and Korobko, M. and Korth, W. Z. and Kowalska, I. and Kozak, D. B. and Kr\"amer, C. and Kringel, V. and Krishnan, B. and Kr\'olak, A. and Kuehn, G. and Kumar, P. and Kumar, R. and Kumar, S. and Kuo, L. and Kutynia, A. and Kwang, S. and Lackey, B. D. and Lai, K. H. and Landry, M. and Lang, R. N. and Lange, J. and Lantz, B. and Lanza, R. K. and Larson, S. L. and Lartaux-Vollard, A. and Lasky, P. D. and Laxen, M. and Lazzarini, A. and Lazzaro, C. and Leaci, P. and Leavey, S. and Lee, C. H. and Lee, H. K. and Lee, H. M. and Lee, H. W. and Lee, K. and Lehmann, J. and Lenon, A. and Leon, E. and Leonardi, M. and Leroy, N. and Letendre, N. and Levin, Y. and Li, T. G. F. and Linker, S. D. and Littenberg, T. B. and Liu, J. and Liu, X. and Lo, R. K. L. and Lockerbie, N. A. and London, L. T. and Lord, J. E. and Lorenzini, M. and Loriette, V. and Lormand, M. and Losurdo, G. and Lough, J. D. and Lousto, C. O. and Lovelace, G. and L\"uck, H. and Lumaca, D. and Lundgren, A. P. and Lynch, R. and Ma, Y. and Macas, R. and Macfoy, S. and Machenschalk, B. and MacInnis, M. and Macleod, D. M. and Maga\~na Hernandez, I. and Maga\~na-Sandoval, F. and Maga\~na Zertuche, L. and Magee, R. M. and Majorana, E. and Maksimovic, I. and Man, N. and Mandic, V. and Mangano, V. and Mansell, G. L. and Manske, M. and Mantovani, M. and Marchesoni, F. and Marion, F. and M\'arka, S. and M\'arka, Z. and Markakis, C. and Markosyan, A. S. and Markowitz, A. and Maros, E. and Marquina, A. and Marsh, P. and Martelli, F. and Martellini, L. and Martin, I. W. and Martin, R. M. and Martynov, D. V. and Marx, J. N. and Mason, K. and Massera, E. and Masserot, A. and Massinger, T. J. and Masso-Reid, M. and Mastrogiovanni, S. and Matas, A. and Matichard, F. and Matone, L. and Mavalvala, N. and Mazumder, N. and McCarthy, R. and McClelland, D. E. and McCormick, S. and McCuller, L. and McGuire, S. C. and McIntyre, G. and McIver, J. and McManus, D. J. and McNeill, L. and McRae, T. and McWilliams, S. T. and Meacher, D. and Meadors, G. D. and Mehmet, M. and Meidam, J. and Mejuto-Villa, E. and Melatos, A. and Mendell, G. and Mercer, R. A. and Merilh, E. L. and Merzougui, M. and Meshkov, S. and Messenger, C. and Messick, C. and Metzdorff, R. and Meyers, P. M. and Miao, H. and Michel, C. and Middleton, H. and Mikhailov, E. E. and Milano, L. and Miller, A. L. and Miller, B. B. and Miller, J. and Millhouse, M. and Milovich-Goff, M. C. and Minazzoli, O. and Minenkov, Y. and Ming, J. and Mishra, C. and Mitra, S. and Mitrofanov, V. P. and Mitselmakher, G. and Mittleman, R. and Moffa, D. and Moggi, A. and Mogushi, K. and Mohan, M. and Mohapatra, S. R. P. and Molina, I. and Montani, M. and Moore, C. J. and Moraru, D. and Moreno, G. and Morisaki, S. and Morriss, S. R. and Mours, B. and Mow-Lowry, C. M. and Mueller, G. and Muir, A. W. and Mukherjee, Arunava and Mukherjee, D. and Mukherjee, S. and Mukund, N. and Mullavey, A. and Munch, J. and Mu\~niz, E. A. and Muratore, M. and Murray, P. G. and Nagar, A. and Napier, K. and Nardecchia, I. and Naticchioni, L. and Nayak, R. K. and Neilson, J. and Nelemans, G. and Nelson, T. J. N. and Nery, M. and Neunzert, A. and Nevin, L. and Newport, J. M. and Newton, G. and Ng, K. K. Y. and Nguyen, P. and Nguyen, T. T. and Nichols, D. and Nielsen, A. B. and Nissanke, S. and Nitz, A. and Noack, A. and Nocera, F. and Nolting, D. and North, C. and Nuttall, L. K. and Oberling, J. and O'Dea, G. D. and Ogin, G. H. and Oh, J. J. and Oh, S. H. and Ohme, F. and Okada, M. A. and Oliver, M. and Oppermann, P. and Oram, Richard J. and O'Reilly, B. and Ormiston, R. and Ortega, L. F. and O'Shaughnessy, R. and Ossokine, S. and Ottaway, D. J. and Overmier, H. and Owen, B. J. and Pace, A. E. and Page, J. and Page, M. A. and Pai, A. and Pai, S. A. and Palamos, J. R. and Palashov, O. and Palomba, C. and Pal-Singh, A. and Pan, Howard and Pan, Huang-Wei and Pang, B. and Pang, P. T. H. and Pankow, C. and Pannarale, F. and Pant, B. C. and Paoletti, F. and Paoli, A. and Papa, M. A. and Parida, A. and Parker, W. and Pascucci, D. and Pasqualetti, A. and Passaquieti, R. and Passuello, D. and Patil, M. and Patricelli, B. and Pearlstone, B. L. and Pedraza, M. and Pedurand, R. and Pekowsky, L. and Pele, A. and Penn, S. and Perez, C. J. and Perreca, A. and Perri, L. M. and Pfeiffer, H. P. and Phelps, M. and Piccinni, O. J. and Pichot, M. and Piergiovanni, F. and Pierro, V. and Pillant, G. and Pinard, L. and Pinto, I. M. and Pirello, M. and Pitkin, M. and Poe, M. and Poggiani, R. and Popolizio, P. and Porter, E. K. and Post, A. and Powell, J. and Prasad, J. and Pratt, J. W. W. and Pratten, G. and Predoi, V. and Prestegard, T. and Prijatelj, M. and Principe, M. and Privitera, S. and Prix, R. and Prodi, G. A. and Prokhorov, L. G. and Puncken, O. and Punturo, M. and Puppo, P. and P\"urrer, M. and Qi, H. and Quetschke, V. and Quintero, E. A. and Quitzow-James, R. and Raab, F. J. and Rabeling, D. S. and Radkins, H. and Raffai, P. and Raja, S. and Rajan, C. and Rajbhandari, B. and Rakhmanov, M. and Ramirez, K. E. and Ramos-Buades, A. and Rapagnani, P. and Raymond, V. and Razzano, M. and Read, J. and Regimbau, T. and Rei, L. and Reid, S. and Reitze, D. H. and Ren, W. and Reyes, S. D. and Ricci, F. and Ricker, P. M. and Rieger, S. and Riles, K. and Rizzo, M. and Robertson, N. A. and Robie, R. and Robinet, F. and Rocchi, A. and Rolland, L. and Rollins, J. G. and Roma, V. J. and Romano, J. D. and Romano, R. and Romel, C. L. and Romie, J. H. and Rosi\ifmmode \acute{n}\else \'{n}\fi{}ska, D. and Ross, M. P. and Rowan, S. and R\"udiger, A. and Ruggi, P. and Rutins, G. and Ryan, K. and Sachdev, S. and Sadecki, T. and Sadeghian, L. and Sakellariadou, M. and Salconi, L. and Saleem, M. and Salemi, F. and Samajdar, A. and Sammut, L. and Sampson, L. M. and Sanchez, E. J. and Sanchez, L. E. and Sanchis-Gual, N. and Sandberg, V. and Sanders, J. R. and Sassolas, B. and Sathyaprakash, B. S. and Saulson, P. R. and Sauter, O. and Savage, R. L. and Sawadsky, A. and Schale, P. and Scheel, M. and Scheuer, J. and Schmidt, J. and Schmidt, P. and Schnabel, R. and Schofield, R. M. S. and Sch\"onbeck, A. and Schreiber, E. and Schuette, D. and Schulte, B. W. and Schutz, B. F. and Schwalbe, S. G. and Scott, J. and Scott, S. M. and Seidel, E. and Sellers, D. and Sengupta, A. S. and Sentenac, D. and Sequino, V. and Sergeev, A. and Shaddock, D. A. and Shaffer, T. J. and Shah, A. A. and Shahriar, M. S. and Shaner, M. B. and Shao, L. and Shapiro, B. and Shawhan, P. and Sheperd, A. and Shoemaker, D. H. and Shoemaker, D. M. and Siellez, K. and Siemens, X. and Sieniawska, M. and Sigg, D. and Silva, A. D. and Singer, L. P. and Singh, A. and Singhal, A. and Sintes, A. M. and Slagmolen, B. J. J. and Smith, B. and Smith, J. R. and Smith, R. J. E. and Somala, S. and Son, E. J. and Sonnenberg, J. A. and Sorazu, B. and Sorrentino, F. and Souradeep, T. and Spencer, A. P. and Srivastava, A. K. and Staats, K. and Staley, A. and Steinke, M. and Steinlechner, J. and Steinlechner, S. and Steinmeyer, D. and Stevenson, S. P. and Stone, R. and Stops, D. J. and Strain, K. A. and Stratta, G. and Strigin, S. E. and Strunk, A. and Sturani, R. and Stuver, A. L. and Summerscales, T. Z. and Sun, L. and Sunil, S. and Suresh, J. and Sutton, P. J. and Swinkels, B. L. and Szczepa\ifmmode \acute{n}\else \'{n}\fi{}czyk, M. J. and Tacca, M. and Tait, S. C. and Talbot, C. and Talukder, D. and Tanner, D. B. and T\'apai, M. and Taracchini, A. and Tasson, J. D. and Taylor, J. A. and Taylor, R. and Tewari, S. V. and Theeg, T. and Thies, F. and Thomas, E. G. and Thomas, M. and Thomas, P. and Thorne, K. A. and Thorne, K. S. and Thrane, E. and Tiwari, S. and Tiwari, V. and Tokmakov, K. V. and Toland, K. and Tonelli, M. and Tornasi, Z. and Torres-Forn\'e, A. and Torrie, C. I. and T\"oyr\"a, D. and Travasso, F. and Traylor, G. and Trinastic, J. and Tringali, M. C. and Trozzo, L. and Tsang, K. W. and Tse, M. and Tso, R. and Tsukada, L. and Tsuna, D. and Tuyenbayev, D. and Ueno, K. and Ugolini, D. and Unnikrishnan, C. S. and Urban, A. L. and Usman, S. A. and Vahlbruch, H. and Vajente, G. and Valdes, G. and Vallisneri, M. and van Bakel, N. and van Beuzekom, M. and van den Brand, J. F. J. and Van Den Broeck, C. and Vander-Hyde, D. C. and van der Schaaf, L. and van Heijningen, J. V. and van Veggel, A. A. and Vardaro, M. and Varma, V. and Vass, S. and Vas\'uth, M. and Vecchio, A. and Vedovato, G. and Veitch, J. and Veitch, P. J. and Venkateswara, K. and Venugopalan, G. and Verkindt, D. and Vetrano, F. and Vicer\'e, A. and Viets, A. D. and Vinciguerra, S. and Vine, D. J. and Vinet, J.-Y. and Vitale, S. and Vo, T. and Vocca, H. and Vorvick, C. and Vyatchanin, S. P. and Wade, A. R. and Wade, L. E. and Wade, M. and Walet, R. and Walker, M. and Wallace, L. and Walsh, S. and Wang, G. and Wang, H. and Wang, J. Z. and Wang, W. H. and Wang, Y. F. and Ward, R. L. and Warner, J. and Was, M. and Watchi, J. and Weaver, B. and Wei, L.-W. and Weinert, M. and Weinstein, A. J. and Weiss, R. and Wen, L. and Wessel, E. K. and We\ss{}els, P. and Westerweck, J. and Westphal, T. and Wette, K. and Whelan, J. T. and Whitcomb, S. E. and Whiting, B. F. and Whittle, C. and Wilken, D. and Williams, D. and Williams, R. D. and Williamson, A. R. and Willis, J. L. and Willke, B. and Wimmer, M. H. and Winkler, W. and Wipf, C. C. and Wittel, H. and Woan, G. and Woehler, J. and Wofford, J. and Wong, K. W. K. and Worden, J. and Wright, J. L. and Wu, D. S. and Wysocki, D. M. and Xiao, S. and Yamamoto, H. and Yancey, C. C. and Yang, L. and Yap, M. J. and Yazback, M. and Yu, Hang and Yu, Haocun and Yvert, M. and Zadro\ifmmode \dot{z}\else \.{z}\fi{}ny, A. and Zanolin, M. and Zelenova, T. and Zendri, J.-P. and Zevin, M. and Zhang, L. and Zhang, M. and Zhang, T. and Zhang, Y.-H. and Zhao, C. and Zhou, M. and Zhou, Z. and Zhu, S. J. and Zhu, X. J. and Zimmerman, A. B. and Zucker, M. E. and Zweizig, J.},
  collaboration = {LIGO Scientific Collaboration and Virgo Collaboration},
  journal = {Phys. Rev. Lett.},
  volume = {119},
  issue = {16},
  pages = {161101},
  numpages = {18},
  year = {2017},
  month = {Oct},
  publisher = {American Physical Society},
  doi = {10.1103/PhysRevLett.119.161101},
  url = {https://link.aps.org/doi/10.1103/PhysRevLett.119.161101}
}

@article{Abbott2017,
  author    = {B. P. Abbott and R. Abbott and T. D. Abbott and F. Acernese and K. Ackley and C. Adams and T. Adams and P. Addesso and R. X. Adhikari and V. B. Adya and C. Affeldt and M. Afrough and B. Agarwal and M. Agathos and K. Agatsuma and N. Aggarwal and O. D. Aguiar and L. Aiello and A. Ain and P. Ajith and B. Allen and G. Allen and A. Allocca and P. A. Altin and A. Amato and A. Ananyeva and S. B. Anderson and W. G. Anderson and S. V. Angelova and S. Antier and S. Appert and K. Arai and M. C. Araya and J. S. Areeda and N. Arnaud and K. G. Arun and S. Ascenzi and G. Ashton and M. Ast and S. M. Aston and P. Astone and D. V. Atallah and P. Aufmuth and C. Aulbert and K. AultONeal and C. Austin and A. Avila-Alvarez and S. Babak and P. Bacon and M. K. M. Bader and S. Bae and P. T. Baker and F. Baldaccini and G. Ballardin and S. W. Ballmer and S. Banagiri and J. C. Barayoga and S. E. Barclay and B. C. Barish and D. Barker and K. Barkett and F. Barone and B. Barr and L. Barsotti and M. Barsuglia and D. Barta and J. Bartlett and I. Bartos and R. Bassiri and A. Basti and J. C. Batch and M. Bawaj and J. C. Bayley and M. Bazzan and B. B{\'e}csy and C. Beer and M. Bejger and I. Belahcene and A. S. Bell and B. K. Berger and G. Bergmann and J. J. Bero and C. P. L. Berry and D. Bersanetti and A. Bertolini and J. Betzwieser and S. Bhagwat and R. Bhandare and I. A. Bilenko and G. Billingsley and C. R. Billman and J. Birch and R. Birney and O. Birnholtz and S. Biscans and S. Biscoveanu and A. Bisht and M. Bitossi and C. Biwer and M. A. Bizouard and J. K. Blackburn and J. Blackman and C. D. Blair and D. G. Blair and R. M. Blair and S. Bloemen and O. Bock and N. Bode and M. Boer and G. Bogaert and A. Bohe and F. Bondu and E. Bonilla and R. Bonnand and B. A. Boom and R. Bork and V. Boschi and S. Bose and K. Bossie and Y. Bouffanais and A. Bozzi and C. Bradaschia and P. R. Brady and M. Branchesi and J. E. Brau and T. Briant and A. Brillet and M. Brinkmann and V. Brisson and P. Brockill and J. E. Broida and A. F. Brooks and D. A. Brown and D. D. Brown and S. Brunett and C. C. Buchanan and A. Buikema and T. Bulik and H. J. Bulten and A. Buonanno and D. Buskulic and C. Buy and R. L. Byer and M. Cabero and L. Cadonati and G. Cagnoli and C. Cahillane and J. Calder{\'o}n Bustillo and T. A. Callister and E. Calloni and J. B. Camp and M. Canepa and P. Canizares and K. C. Cannon and H. Cao and J. Cao and C. D. Capano and E. Capocasa and F. Carbognani and S. Caride and M. F. Carney and J. Casanueva Diaz and C. Casentini and S. Caudill and M. Cavagli{\`a} and F. Cavalier and R. Cavalieri and G. Cella and C. B. Cepeda and P. Cerd{\'a}-Dur{\'a}n and G. Cerretani and E. Cesarini and S. J. Chamberlin and M. Chan and S. Chao and P. Charlton and E. Chase and E. Chassande-Mottin and D. Chatterjee and K. Chatziioannou and B. D. Cheeseboro and H. Y. Chen and X. Chen and Y. Chen and H.-P. Cheng and H. Chia and A. Chincarini and A. Chiummo and T. Chmiel and H. S. Cho and M. Cho and J. H. Chow and N. Christensen and Q. Chu and A. J. K. Chua and S. Chua and A. K. W. Chung and S. Chung and G. Ciani and R. Ciolfi and C. E. Cirelli and A. Cirone and F. Clara and J. A. Clark and P. Clearwater and F. Cleva and C. Cocchieri and E. Coccia and P.-F. Cohadon and D. Cohen and A. Colla and C. G. Collette and L. R. Cominsky and M. Constancio and L. Conti and S. J. Cooper and P. Corban and T. R. Corbitt and I. Cordero-Carri{\'o}n and K. R. Corley and N. Cornish and A. Corsi and S. Cortese and C. A. Costa and M. W. Coughlin and S. B. Coughlin and J.-P. Coulon and S. T. Countryman and P. Couvares and P. B. Covas and E. E. Cowan and D. M. Coward and M. J. Cowart and D. C. Coyne and R. Coyne and J. D. E. Creighton and T. D. Creighton and J. Cripe and S. G. Crowder and T. J. Cullen and A. Cumming and L. Cunningham and E. Cuoco and T. Dal Canton and G. D{\'a}lya and S. L. Danilishin and S. D’Antonio and K. Danzmann and A. Dasgupta and C. F. Da Silva Costa and L. E. H. Datrier and V. Dattilo and I. Dave and M. Davier and D. Davis and E. J. Daw and B. Day and S. De and D. DeBra and J. Degallaix and M. De Laurentis and S. Del{\'e}glise and W. Del Pozzo and N. Demos and T. Denker and T. Dent and R. De Pietri and V. Dergachev and R. De Rosa and R. T. DeRosa and C. De Rossi and R. DeSalvo and O. de Varona and J. Devenson and S. Dhurandhar and M. C. D{\'i}az and L. Di Fiore and M. Di Giovanni and T. Di Girolamo and A. Di Lieto and S. Di Pace and I. Di Palma and F. Di Renzo and Z. Doctor and V. Dolique and F. Donovan and K. L. Dooley and S. Doravari and I. Dorrington and R. Douglas and M. Dovale {\'A}lvarez and T. P. Downes and M. Drago and C. Dreissigacker and J. C. Driggers and Z. Du and M. Ducrot and P. Dupej and S. E. Dwyer and The LIGO Scientific Collaboration and The Virgo Collaboration},
  title     = {A gravitational-wave standard siren measurement of the {Hubble} constant},
  journal   = {Nature},
  year      = {2017},
  volume    = {551},
  number    = {7678},
  pages     = {85--88},
  month     = {nov},
  doi       = {10.1038/nature24471},
  url       = {https://doi.org/10.1038/nature24471},
  issn      = {1476-4687},
}

@ARTICLE{1583909,
  author={Yiu-Tong Chan and Yau Chin Hang, H. and Pak-chung Ching},
  journal={IEEE Transactions on Vehicular Technology}, 
  title={Exact and approximate maximum likelihood localization algorithms}, 
  year={2006},
  volume={55},
  number={1},
  pages={10-16},
  keywords={Maximum likelihood estimation;Sea measurements;Nonlinear equations;Time difference of arrival;Transmitters;Position measurement;Time measurement;Noise measurement;Solid modeling;Geometry;Approximate maximum likelihood (AML);maximum likelihood (ML);mobile station;TDOA localization;TOA localization},
  doi={10.1109/TVT.2005.861162}}

@misc{boxer_2025_15041819,
  author       = {Boxer, Alexander},
  title        = {Development of a table-top demonstration of a
                   gravitational-wave detector array - backend code
                  },
  month        = mar,
  year         = 2025,
  publisher    = {Zenodo},
  doi          = {10.5281/zenodo.15041819},
  url          = {https://doi.org/10.5281/zenodo.15041819},
}

@article{Schutz_1999,
   title={Gravitational wave astronomy},
   volume={16},
   ISSN={1361-6382},
   url={http://dx.doi.org/10.1088/0264-9381/16/12A/307},
   DOI={10.1088/0264-9381/16/12a/307},
   number={12A},
   journal={Classical and Quantum Gravity},
   publisher={IOP Publishing},
   author={Schutz, B F},
   year={1999},
   month=nov, pages={A131–A156} }